@article{RODRIGUES20161,
title = {The Kuramoto model in complex networks},
journal = {Physics Reports},
volume = {610},
pages = {1-98},
year = {2016},
note = {The Kuramoto model in complex networks},
issn = {0370-1573},
doi = {https://doi.org/10.1016/j.physrep.2015.10.008},
author = {Francisco A. Rodrigues and Thomas K. DM. Peron and Peng Ji and Jurgen Kurths},
}