@inproceedings{
  KyTea,
  title={Pointwise prediction for robust, adaptable Japanese morphological analysis},
  author={Neubig, Graham and Nakata, Yosuke and Mori, Shinsuke},
  booktitle={Proceedings of the 49th Annual Meeting of the Association for Computational Linguistics: Human Language Technologies: short papers-Volume 2},
  pages={529--533},
  year={2011},
  organization={Association for Computational Linguistics}
}, 
@article{RODRIGUES20161,
title = {The Kuramoto model in complex networks},
journal = {Physics Reports},
volume = {610},
pages = {1-98},
year = {2016},
issn = {0370-1573},
doi = {https://doi.org/10.1016/j.physrep.2015.10.008},
author = {Francisco A. Rodrigues and Thomas K. DM. Peron and Peng Ji and Jurgen Kurths},
}